<record><leader>00000cas a22000007a 4500</leader><controlfield tag="001">11332042</controlfield><controlfield tag="008">841031d18961921inuir ne      0    0eng d</controlfield><datafield ind1=" " ind2=" " tag="010"><subfield code="a">sn 84045439 </subfield></datafield><datafield ind1=" " ind2=" " tag="040"><subfield code="a">NPI</subfield><subfield code="b">eng</subfield><subfield code="c">NPI</subfield><subfield code="d">OCLCQ</subfield></datafield><datafield ind1="0" ind2=" " tag="041"><subfield code="a">eng</subfield><subfield code="a">ger</subfield></datafield><datafield ind1=" " ind2=" " tag="042"><subfield code="a">msc</subfield></datafield><datafield ind1="0" ind2=" " tag="130"><subfield code="a">Berne witness (Berne, Ind. : 1896)</subfield></datafield><datafield ind1="1" ind2="4" tag="245"><subfield code="a">The Berne witness.</subfield></datafield><datafield ind1=" " ind2=" " tag="260"><subfield code="a">Berne, Ind. :</subfield><subfield code="b">Fred Rohrer,</subfield><subfield code="c">1896-</subfield></datafield><datafield ind1=" " ind2=" " tag="300"><subfield code="a">volumes :</subfield><subfield code="b">illustrations ;</subfield><subfield code="c">56 cm</subfield></datafield><datafield ind1=" " ind2=" " tag="310"><subfield code="a">Three issues per wk.,</subfield><subfield code="b">&lt;Sept. 2, 1912&gt;-</subfield></datafield><datafield ind1=" " ind2=" " tag="321"><subfield code="a">Weekly,</subfield><subfield code="b">1896-Aug. 29, 1901</subfield></datafield><datafield ind1=" " ind2=" " tag="321"><subfield code="a">Semiweekly,</subfield><subfield code="b">Sept. 3, 1901-&lt;Aug. 30, 1910&gt;</subfield></datafield><datafield ind1=" " ind2=" " tag="336"><subfield code="a">text</subfield><subfield code="b">txt</subfield><subfield code="2">rdacontent</subfield></datafield><datafield ind1=" " ind2=" " tag="337"><subfield code="a">unmediated</subfield><subfield code="b">n</subfield><subfield code="2">rdamedia</subfield></datafield><datafield ind1=" " ind2=" " tag="338"><subfield code="a">volume</subfield><subfield code="b">nc</subfield><subfield code="2">rdacarrier</subfield></datafield><datafield ind1="0" ind2=" " tag="362"><subfield code="a">Vol. 1, no. 1 (Sept. 3, 1896)-</subfield></datafield><datafield ind1="1" ind2=" " tag="362"><subfield code="a">Ceased in 1921.</subfield><subfield code="z">Cf. Ayer, 1921.</subfield></datafield><datafield ind1=" " ind2=" " tag="500"><subfield code="a">Prohibitionist.</subfield></datafield><datafield ind1=" " ind2=" " tag="500"><subfield code="a">"The German and English witness to be consolidated." Cf. Berne witness (Oct. 29, 1901).</subfield></datafield><datafield ind1=" " ind2=" " tag="546"><subfield code="a">In English and German.</subfield></datafield><datafield ind1=" " ind2=" " tag="752"><subfield code="a">United States</subfield><subfield code="b">Indiana</subfield><subfield code="c">Adams</subfield><subfield code="d">Berne.</subfield></datafield><datafield ind1="0" ind2="5" tag="780"><subfield code="t">Adams County times (Decatur, Ind.)</subfield><subfield code="w">(DLC)sn 86059051</subfield><subfield code="w">(OCoLC)14373857</subfield></datafield><datafield ind1="0" ind2="0" tag="785"><subfield code="t">Adams County witness</subfield><subfield code="w">(DLC)sn 86059048</subfield></datafield><datafield ind1="1" ind2=" " tag="029"><subfield code="a">AU@</subfield><subfield code="b">000025832174</subfield></datafield></record>